<record><leader>00000cas a22000007a 4500</leader><controlfield tag="001">11094204</controlfield><controlfield tag="008">840827d18711874iauwr ne      0    0eng d</controlfield><datafield ind1=" " ind2=" " tag="010"><subfield code="a">sn 84027369 </subfield></datafield><datafield ind1=" " ind2=" " tag="040"><subfield code="a">NPU</subfield><subfield code="b">eng</subfield><subfield code="c">NPU</subfield><subfield code="d">INP</subfield><subfield code="d">DLC</subfield><subfield code="d">INP</subfield><subfield code="d">OCLCQ</subfield></datafield><datafield ind1=" " ind2=" " tag="042"><subfield code="a">msc</subfield></datafield><datafield ind1="0" ind2="0" tag="050"><subfield code="a">Newspaper 7768-X</subfield></datafield><datafield ind1="0" ind2=" " tag="130"><subfield code="a">Wilton chronicle (Wilton, Iowa : 1871)</subfield></datafield><datafield ind1="1" ind2="4" tag="245"><subfield code="a">The Wilton chronicle.</subfield></datafield><datafield ind1=" " ind2=" " tag="260"><subfield code="a">Wilton, Iowa :</subfield><subfield code="b">Baker &amp; Mathes</subfield></datafield><datafield ind1=" " ind2=" " tag="300"><subfield code="a">v. ;</subfield><subfield code="c">61-66 cm.</subfield></datafield><datafield ind1=" " ind2=" " tag="310"><subfield code="a">Weekly</subfield></datafield><datafield ind1="1" ind2=" " tag="362"><subfield code="a">Began in May 1871; ceased in June? 1874.</subfield></datafield><datafield ind1=" " ind2=" " tag="500"><subfield code="a">Publisher varies.</subfield></datafield><datafield ind1=" " ind2=" " tag="500"><subfield code="a">"A home journal, devoted to local, political and general news."</subfield></datafield><datafield ind1=" " ind2=" " tag="500"><subfield code="a">"Republican."</subfield></datafield><datafield ind1=" " ind2=" " tag="515"><subfield code="a">Issues for &lt;Apr. 3, 1873&gt; called also whole no. &lt;287&gt;.</subfield></datafield><datafield ind1=" " ind2=" " tag="588"><subfield code="a">Description based on: Vol. 6, no. 26 (Apr. 3, 1873).</subfield></datafield><datafield ind1=" " ind2=" " tag="752"><subfield code="a">United States</subfield><subfield code="b">Iowa</subfield><subfield code="c">Muscatine</subfield><subfield code="d">Wilton.</subfield></datafield><datafield ind1="0" ind2="0" tag="780"><subfield code="t">Republican and chronicle</subfield></datafield><datafield ind1="0" ind2="0" tag="785"><subfield code="t">Wilton herald (Wilton, Iowa : 1874)</subfield><subfield code="w">(DLC)sn 87058225</subfield></datafield><datafield ind1="1" ind2=" " tag="029"><subfield code="a">AU@</subfield><subfield code="b">000025788992</subfield></datafield></record>